<?xml version="1.0" encoding="utf-8"?>
<record xmlns="http://www.loc.gov/MARC21/slim" xmlns:xsi="http://www.w3.org/2001/XMLSchema-instance" xsi:schemaLocation="http://www.loc.gov/MARC21/slim http://www.loc.gov/standards/marcxml/schema/MARC21slim.xsd">
	<leader>     nam a22     Mi 4500</leader>
	<controlfield tag="001">2841356</controlfield>
	<controlfield tag="003">NjP</controlfield>
	<controlfield tag="006">m        d        </controlfield>
	<controlfield tag="007">cr cn |||m|||a</controlfield>
	<controlfield tag="008">190222s1876    mr      o     000 0 ara d</controlfield>
	<datafield ind1=" " ind2=" " tag="040">
		<subfield code="a">ZYU</subfield>
		<subfield code="b">ara</subfield>
		<subfield code="e">rda</subfield>
		<subfield code="c">ZYU</subfield>
	</datafield>
	<datafield ind1=" " ind2="4" tag="050">
		<subfield code="a">KBP320.K43</subfield>
		<subfield code="b">B56 1876</subfield>
	</datafield>
	<datafield ind1="1" ind2=" " tag="100">
		<subfield code="6">880-01</subfield>
		<subfield code="a">Binnīs, Muḥammad ibn Aḥmad,</subfield>
		<subfield code="d">approximately 1747-1798 or 1799.</subfield>
	</datafield>
	<datafield ind1="1" ind2="0" tag="240">
		<subfield code="6">880-02</subfield>
		<subfield code="a">Bahjat al-baṣar fī sharḥ farāʼiḍ al-Mukhtaṣar</subfield>
	</datafield>
	<datafield ind1="1" ind2="0" tag="245">
		<subfield code="6">880-03</subfield>
		<subfield code="a">Hādhā Sharḥ al-Imām al-ʻālim al-ʻallāmah al-humām Abū ʻAbd Allāh Sayyid Muḥammad ibn Aḥmad Binnīs ʻalá farāʼiḍ al-durar al-musammá bi-al-Mukhtaṣar /</subfield>
		<subfield code="c">taʼlīf al-Imām al-qudwah al-jalīl Sayyidī Abī al-Mawāddah ... Khalīl. Wa-bi-hāmish li-hādhā Sharḥ al-ḥafīl Ḥāshiyat al-Shaykh al-ʻālim al-jalīl ... Abī ʻAbd Allāh Sayyid Muḥammad al-Madanī Kannūn.</subfield>
	</datafield>
	<datafield ind1="3" ind2="0" tag="246">
		<subfield code="6">880-04</subfield>
		<subfield code="a">Sharḥ al-Imām al-ʻālim al-ʻallāmah al-humām Abū ʻAbd Allāh Sayyid Muḥammad ibn Aḥmad Binnīs ʻalá farāʼiḍ al-durar al-musammá bi-al-Mukhtaṣar ...</subfield>
	</datafield>
	<datafield ind1="3" ind2="0" tag="246">
		<subfield code="6">880-05</subfield>
		<subfield code="a">Sharḥ Binnīs ʻalá Mukhtaṣar Khalīl</subfield>
	</datafield>
	<datafield ind1=" " ind2=" " tag="260">
		<subfield code="a">[Morocco] :</subfield>
		<subfield code="b">[publisher not identified],</subfield>
		<subfield code="c">1293 [1876]</subfield>
	</datafield>
	<datafield ind1=" " ind2=" " tag="300">
		<subfield code="a">online resource (1 volume (various pagings))</subfield>
	</datafield>
	<datafield ind1=" " ind2=" " tag="336">
		<subfield code="a">text</subfield>
		<subfield code="2">rdacontent</subfield>
	</datafield>
	<datafield ind1=" " ind2=" " tag="337">
		<subfield code="a">computer</subfield>
		<subfield code="2">rdamedia</subfield>
	</datafield>
	<datafield ind1=" " ind2=" " tag="338">
		<subfield code="a">online resource</subfield>
		<subfield code="2">rdacarrier</subfield>
	</datafield>
	<datafield ind1=" " ind2=" " tag="500">
		<subfield code="a">Part of the Arabic Collections Online (ACO) project, contributed by Princeton University Libraries.</subfield>
	</datafield>
	<datafield ind1=" " ind2=" " tag="533">
		<subfield code="a">Electronic reproduction.</subfield>
		<subfield code="b">New York, N.Y. :</subfield>
		<subfield code="c">New York University,</subfield>
		<subfield code="d">2019.</subfield>
		<subfield code="5">NNU</subfield>
	</datafield>
	<datafield ind1="0" ind2="0" tag="600">
		<subfield code="a">Khalīl ibn Isḥāq al-Jundī,</subfield>
		<subfield code="d">-1365?</subfield>
		<subfield code="t">Mukhtaṣar.</subfield>
	</datafield>
	<datafield ind1="1" ind2="0" tag="600">
		<subfield code="a">Binnīs, Muḥammad ibn Aḥmad,</subfield>
		<subfield code="d">approximately 1747-1798 or 1799.</subfield>
		<subfield code="t">Bahjat al-baṣar fī sharḥ farāʼiḍ al-Mukhtaṣar.</subfield>
	</datafield>
	<datafield ind1="0" ind2="7" tag="630">
		<subfield code="a">Mukhtaṣar (Khalīl ibn Isḥāq al-Jundī)</subfield>
		<subfield code="2">fast</subfield>
		<subfield code="0">(OCoLC)fst01363458</subfield>
	</datafield>
	<datafield ind1=" " ind2="0" tag="650">
		<subfield code="a">Islamic law</subfield>
		<subfield code="x">Interpretation and construction</subfield>
		<subfield code="v">Early works to 1800.</subfield>
	</datafield>
	<datafield ind1=" " ind2="7" tag="650">
		<subfield code="a">Islamic law</subfield>
		<subfield code="x">Interpretation and construction.</subfield>
		<subfield code="2">fast</subfield>
		<subfield code="0">(OCoLC)fst00979955</subfield>
	</datafield>
	<datafield ind1=" " ind2="7" tag="655">
		<subfield code="a">Lithographs</subfield>
		<subfield code="z">Morocco</subfield>
		<subfield code="y">1876.</subfield>
		<subfield code="2">gmgpc</subfield>
	</datafield>
	<datafield ind1=" " ind2="7" tag="655">
		<subfield code="a">Early works.</subfield>
		<subfield code="2">fast</subfield>
		<subfield code="0">(OCoLC)fst01411636</subfield>
	</datafield>
	<datafield ind1="1" ind2="2" tag="700">
		<subfield code="6">880-06</subfield>
		<subfield code="a">Ibn al-Madanī Jannūn, Muḥammad,</subfield>
		<subfield code="d">-1884 or 1885.</subfield>
		<subfield code="t">Ḥāshiyah ʻalá Bahjat al-baṣar. </subfield>
	</datafield>
	<datafield ind1="2" ind2=" " tag="710">
		<subfield code="a">Princeton University.</subfield>
		<subfield code="b">Library.</subfield>
	</datafield>
	<datafield ind1="0" ind2=" " tag="730">
		<subfield code="a">Arabic Collections Online.</subfield>
	</datafield>
	<datafield ind1="0" ind2=" " tag="740">
		<subfield code="6">880-07</subfield>
		<subfield code="a">Ḥāshiyah ʻalá Bahjat al-baṣar.</subfield>
	</datafield>
	<datafield ind1="0" ind2="8" tag="776">
		<subfield code="i">Online version:</subfield>
		<subfield code="a">Binnīs, Muḥammad ibn Aḥmad, approximately 1747-1798 or 9.</subfield>
		<subfield code="s">Bahjat al-baṣar fī sharḥ farāʼiḍ al-Mukhtaṣar.</subfield>
		<subfield code="t">Hādhā Sharḥ al-Imām al-ʻālim al-ʻallāmah al-humām Abū ʻAbd Allāh Sayyid Muḥammad ibn Aḥmad Binnīs ʻalá farāʼiḍ al-durar al-musammá bi-al-Mukhtaṣar taʼlīf al-Imām al-qudwah al-jalīl Sayyidī Abī al-Mawāddah ... Khalīl. Wa-bi-hāmish li-hādhā Sharḥ al-ḥafīl Ḥāshiyat al-Shaykh al-ʻālim al-jalīl ... Abī ʻAbd Allāh Sayyid Muḥammad al-Madanī Kannūn.</subfield>
		<subfield code="d">[Morocco : s.n.], 1293 [1876]</subfield>
		<subfield code="w">(OCoLC)656897065</subfield>
	</datafield>
	<datafield ind1="0" ind2="8" tag="776">
		<subfield code="i">Print version:</subfield>
		<subfield code="a">Binnīs, Muḥammad ibn Aḥmad, approximately 1747-1798 or 1799.</subfield>
		<subfield code="t">Hādhā Sharḥ al-Imām al-ʻālim al-ʻallāmah al-humām Abū ʻAbd Allāh Sayyid Muḥammad ibn Aḥmad Binnīs ʻalá farāʼiḍ al-durar al-musammá bi-al-Mukhtaṣar</subfield>
		<subfield code="w">(NjP)2841356</subfield>
		<subfield code="w">(OCoLC)78082211</subfield>
	</datafield>
	<datafield ind1="4" ind2="0" tag="856">
		<subfield code="u">http://hdl.handle.net/2333.1/k6djhjrn</subfield>
	</datafield>
	<datafield ind1="1" ind2=" " tag="880">
		<subfield code="6">100-01</subfield>
		<subfield code="a">بنيس، محمد بن احمد،‎‎</subfield>
		<subfield code="d">approximately 1747-1798 or 1799.</subfield>
	</datafield>
	<datafield ind1="1" ind2="0" tag="880">
		<subfield code="6">240-02</subfield>
		<subfield code="a">بهجة البصر في شرح فرائض المختصر‎‎</subfield>
	</datafield>
	<datafield ind1="1" ind2="0" tag="880">
		<subfield code="6">245-03</subfield>
		<subfield code="a">هاذا شرح الامام العالم العلامة الهمام ابو عبد الله سيد محمد بن احمد بنيس على فرائض الدرر المسمى بالمختصر /‎‎</subfield>
		<subfield code="c">تأليف الامام القدوة الجليل سيدي ابي الموادة ... خليل. وبهامش لهذه شرح الحفيل حاشية الشيخ العال الجليل ... ابي عبد الله سيد محمد المدني كنون.‎‎</subfield>
	</datafield>
	<datafield ind1="3" ind2="0" tag="880">
		<subfield code="6">246-04</subfield>
		<subfield code="a">شرح الامام العالم العلامة الهمام ابو عبد الله سيد محمد بن احمد بنيس على فرائض الدرر المسمى بالمختصر ...‎‎</subfield>
	</datafield>
	<datafield ind1="3" ind2="0" tag="880">
		<subfield code="6">246-05</subfield>
		<subfield code="a">شرح بنيس على مختصر خليل‎‎</subfield>
	</datafield>
	<datafield ind1="1" ind2="2" tag="880">
		<subfield code="6">700-06</subfield>
		<subfield code="a">ابن المدني جنون، محمد، ‎‎</subfield>
		<subfield code="d">-1884 or 1885.</subfield>
		<subfield code="t">حاشية على بهجة البصر. ‎‎</subfield>
	</datafield>
	<datafield ind1="0" ind2=" " tag="880">
		<subfield code="6">740-07</subfield>
		<subfield code="a">حاشية على بهجة البصر.‎‎</subfield>
	</datafield>
	<datafield ind1=" " ind2=" " tag="959">
		<subfield code="a">NNU</subfield>
		<subfield code="b">WEB</subfield>
		<subfield code="c">GENI</subfield>
		<subfield code="t">0</subfield>
		<subfield code="m">Electronic access</subfield>
		<subfield code="s">01</subfield>
	</datafield>
	<datafield ind1=" " ind2=" " tag="999">
		<subfield code="i">NjP_2841356</subfield>
		<subfield code="o">(OCoLC)ocm78082211</subfield>
		<subfield code="s">princeton_aco001693</subfield>
		<subfield code="e">(ERROR-880)</subfield>
		<subfield code="s">princeton_aco001693</subfield>
	</datafield>
</record>
